@article{zhao2012higher,
  title={Higher order partial least squares (HOPLS): a generalized multilinear regression method},
  author={Zhao, Qibin and Caiafa, Cesar F and Mandic, Danilo P and Chao, Zenas C and Nagasaka, Yasuo and Fujii, Naotaka and Zhang, Liqing and Cichocki, Andrzej},
  journal={IEEE transactions on pattern analysis and machine intelligence},
  volume={35},
  number={7},
  pages={1660--1673},
  year={2012},
  publisher={IEEE}
}

@article{kwapisz2011activity,
  title={Activity recognition using cell phone accelerometers},
  author={Kwapisz, Jennifer R and Weiss, Gary M and Moore, Samuel A},
  journal={ACM SigKDD Explorations Newsletter},
  volume={12},
  number={2},
  pages={74--82},
  year={2011},
  publisher={ACM New York, NY, USA}
}

